<?xml version="1.0" encoding="UTF-8"?><collection xmlns="http://www.loc.gov/MARC21/slim"><record><leader>00410nam--2200121-i-4500</leader><controlfield tag="001">000034512</controlfield><controlfield tag="002">20161230</controlfield><controlfield tag="005">20161230201040</controlfield><controlfield tag="008">060222s1000------------r-----000-0-eng-d</controlfield><datafield ind1=" " ind2=" " tag="080"><subfield code="a">725.261.27</subfield></datafield><datafield ind1=" " ind2=" " tag="245"><subfield code="a">Normativ pentru proiectarea pietelor alimentare, halelor, bazarelor, tirgurilor de marfuri, tirgurilor de vite si oboarelor</subfield></datafield><datafield ind1=" " ind2=" " tag="260"><subfield code="a">Bucuresti, Ed.De Stat Pentru Arhit.Si Constr., 1955, 36p</subfield></datafield><datafield ind1=" " ind2=" " tag="852"><subfield code="a">5300</subfield></datafield></record></collection>